<record><leader>00000cas a2200000 i 4500</leader><controlfield tag="001">914899022</controlfield><controlfield tag="006">m     o  d        </controlfield><controlfield tag="007">cr |||||||||||</controlfield><controlfield tag="008">150728d18541861nyuwr neo     0    0eng c</controlfield><datafield ind1=" " ind2=" " tag="010"><subfield code="a">  2015263144</subfield></datafield><datafield ind1=" " ind2=" " tag="040"><subfield code="a">TXA</subfield><subfield code="b">eng</subfield><subfield code="e">rda</subfield><subfield code="e">pn</subfield><subfield code="c">TXA</subfield><subfield code="d">OCLCO</subfield><subfield code="d">UAB</subfield></datafield><datafield ind1=" " ind2=" " tag="042"><subfield code="a">pcc</subfield></datafield><datafield ind1=" " ind2=" " tag="043"><subfield code="a">n-us-ny</subfield></datafield><datafield ind1="1" ind2="4" tag="050"><subfield code="a">AP2</subfield><subfield code="b">.L54</subfield></datafield><datafield ind1="0" ind2=" " tag="130"><subfield code="a">Life illustrated (Online)</subfield></datafield><datafield ind1="1" ind2="0" tag="245"><subfield code="a">Life illustrated.</subfield></datafield><datafield ind1=" " ind2="1" tag="264"><subfield code="a">New York :</subfield><subfield code="b">Published by Fowler and Wells</subfield></datafield><datafield ind1=" " ind2=" " tag="310"><subfield code="a">Weekly</subfield></datafield><datafield ind1=" " ind2=" " tag="336"><subfield code="a">text</subfield><subfield code="b">txt</subfield><subfield code="2">rdacontent</subfield></datafield><datafield ind1=" " ind2=" " tag="337"><subfield code="a">computer</subfield><subfield code="b">c</subfield><subfield code="2">rdamedia</subfield></datafield><datafield ind1=" " ind2=" " tag="338"><subfield code="a">online resource</subfield><subfield code="b">cr</subfield><subfield code="2">rdacarrier</subfield></datafield><datafield ind1="1" ind2=" " tag="362"><subfield code="a">Print began with: Vol. 1, no. 1 (November 4, 1854); ceased in April 1861.</subfield></datafield><datafield ind1=" " ind2=" " tag="500"><subfield code="a">"A Journal of entertainment, improvement and progress."</subfield></datafield><datafield ind1=" " ind2=" " tag="588"><subfield code="a">Description based on: Vol. 1, no. (December 9, 1854); title from banner (ebscohost, viewed July 27, 2015).</subfield></datafield><datafield ind1=" " ind2=" " tag="588"><subfield code="a">Latest issue consulted: New series, Vol. 11, no. 26 (April 20, 1861) (ebscohost, viewed July 27, 2015).</subfield></datafield><datafield ind1=" " ind2="0" tag="651"><subfield code="a">New York (N.Y.)</subfield><subfield code="v">Newspapers.</subfield></datafield><datafield ind1=" " ind2="0" tag="651"><subfield code="a">New York County (N.Y.)</subfield><subfield code="v">Newspapers.</subfield></datafield><datafield ind1=" " ind2="7" tag="651"><subfield code="a">New York (State)</subfield><subfield code="z">New York.</subfield><subfield code="2">fast</subfield><subfield code="0">(OCoLC)fst01204333</subfield></datafield><datafield ind1=" " ind2="7" tag="651"><subfield code="a">New York (State)</subfield><subfield code="z">New York County.</subfield><subfield code="2">fast</subfield><subfield code="0">(OCoLC)fst01234953</subfield></datafield><datafield ind1=" " ind2="7" tag="655"><subfield code="a">Newspapers.</subfield><subfield code="2">fast</subfield><subfield code="0">(OCoLC)fst01423814</subfield></datafield><datafield ind1=" " ind2="7" tag="655"><subfield code="a">Ornate types (Type evidence)</subfield><subfield code="2">rbtyp</subfield></datafield><datafield ind1=" " ind2="7" tag="655"><subfield code="a">Relief prints.</subfield><subfield code="2">gmgpc</subfield></datafield><datafield ind1=" " ind2="4" tag="655"><subfield code="a">Political periodicals.</subfield></datafield><datafield ind1=" " ind2="4" tag="655"><subfield code="a">Literary periodicals.</subfield></datafield><datafield ind1=" " ind2=" " tag="752"><subfield code="a">United States</subfield><subfield code="b">New York</subfield><subfield code="c">New York</subfield><subfield code="d">New York.</subfield></datafield><datafield ind1="0" ind2="8" tag="776"><subfield code="i">Print version:</subfield><subfield code="t">Life illustrated</subfield><subfield code="w">(DLC)sn2001061842</subfield><subfield code="w">(OCoLC)8643870</subfield></datafield><datafield ind1="0" ind2="7" tag="785"><subfield code="t">American phrenological journal and repository of science, literature and general intelligence</subfield></datafield><datafield ind1="0" ind2="7" tag="785"><subfield code="t">American phrenological journal and life illustrated</subfield></datafield><datafield ind1="4" ind2="0" tag="856"><subfield code="u">http://wwww.ebscohost.com</subfield></datafield></record>